@book{drozdek_2013, place={Singapore}, title={Data structures and algorithms in Java}, publisher={CENAGE Learning}, author={Drozdek, Adam}, year={2013}} 
@misc{oracle_boxing, url={https://docs.oracle.com/javase/tutorial/java/data/autoboxing.html}}
@misc{oracle_operators, url={https://docs.oracle.com/javase/tutorial/java/nutsandbolts/operators.html}}
@misc{oracle_strings, url={https://docs.oracle.com/javase/tutorial/java/data/strings.html}}
@misc{oracle_generic_types, url={https://docs.oracle.com/javase/tutorial/java/generics/types.html}}